@book{Pie02,
	author = {Benjamin C. Pierce},
	title = {Types and Programming Languages},
	year = {2002},
	isbn = {0-262-16209-1},
	publisher = {The MIT Press},
	address = {Cambridge, Massachusetts, USA},
}

@misc{bauer:plzoo,
	author = {Andrej Bauer},
	title = {MiniHaskell},
	url = {https://github.com/andrejbauer/plzoo/tree/master/src/minihaskell},
}

@mastersthesis{Sla15,
  author       = {Jure Slak},
  title        = {Induktivni in koinduktivni podatkovni tipi},
  year         = {2015},
  school       = {Univerza v Ljubljani - Fakulteta za matematiko in fiziko},
  type         = {Diplomsko delo},
}